# sample entry
@inproceedings{large-scale-p2p-sim,
	author = {Dinh, Tien Tuan Anh and Theodoropoulos, Georgios and Minson, Rob},
	title = {{Evaluating Large Scale Distributed Simulation of P2P Networks}},
	booktitle = {DS-RT '08: Proceedings of the 2008 12th IEEE/ACM International Symposium on Distributed Simulation and Real-Time Applications},
	year = {2008},
	isbn = {978-0-7695-3425-1},
	pages = {51--58},
	doi = {http://dx.doi.org/10.1109/DS-RT.2008.36},
	publisher = {IEEE Computer Society},
	address = {Washington, DC, USA},
}

% temporary bib item; useful for marking down future citations
@misc{file,
	title = {{File}},
    howpublished = "\url{https://linux.die.net/man/1/file}"
}

@misc{otool,
	title = {{Otool}},
    howpublished = "\url{http://www.manpagez.com/man/1/otool/}"
}

@misc{objdump,
	title = {{Objdump}},
    howpublished = "\url{https://sourceware.org/binutils/docs/binutils/objdump.html}"
}

@misc{jtool,
	title = {{Jtool}},
    howpublished = "\url{http://www.newosxbook.com/tools/jtool.html}"
}

@misc{joker,
	title = {{Joker}},
    howpublished = "\url{http://www.newosxbook.com/tools/joker.html}"
}

@misc{mach-o-view,
	title = {{Machi-O View}},
    howpublished = "\url{https://sourceforge.net/projects/machoview/}"
}

@misc{sandbox-toolkit,
	title = {{Sandbox_toolkit}},
    howpublished = "\url{https://github.com/sektioneins/sandbox_toolkit/tree/}"
}

@misc{sandblaster,
	title = {{SandBlaster}},
    howpublished = "\url{https://github.com/malus-security/sandblaster/}"
}

@misc{iextractor,
	title = {{iExtractor}},
    howpublished = "\url{https://github.com/malus-security/iExtractor}"
}

@misc{open-source-machlib,
	title = {{Open-source-machlib}},
    howpublished = "\url{https://github.com/Redridge/open-source-machlib}"
}
